@misc{MToC_2023, title={Building a 3-tier architecture on AWS}, url={https://blog.brainboard.co/building-a-3-tier-architecture-on-aws-072fae650d61}, journal={Medium}, publisher={Medium}, author={MToC}, year={2023}, month={Nov}} 